@inproceedings{lin2020dpr,
  title={Dense Passage Retrieval for Open-Domain Question Answering},
  author={Lin, Jimmy and Ma, Xueguang and Lin, Shuo and Yang, Jheng-Hong},
  booktitle={Proceedings of the 58th Annual Meeting of the Association for Computational Linguistics},
  year={2020}
}

@article{nogueira2019passage,
  title={Passage re-ranking with BERT},
  author={Nogueira, Rodrigo and Cho, Kyunghyun},
  journal={arXiv preprint arXiv:1901.04085},
  year={2019}
}

@misc{wolf2020transformers,
  title={Transformers: State-of-the-Art Natural Language Processing},
  author={Wolf, Thomas and Debut, Lysandre and Sanh, Victor and others},
  year={2020},
  eprint={1910.03771},
  archivePrefix={arXiv},
  primaryClass={cs.CL}
}